<?xml version="1.0" encoding="UTF-8"?><record xmlns="http://www.loc.gov/MARC21/slim" xmlns:cinclude="http://apache.org/cocoon/include/1.0" xmlns:zs="http://www.loc.gov/zing/srw/">
  <leader>01115cz  a2200241n  4500</leader>
  <controlfield tag="001">n  88086306 </controlfield>
  <controlfield tag="003">DLC</controlfield>
  <controlfield tag="005">20131120073734.0</controlfield>
  <controlfield tag="008">890501n| azannaabn          |a aaa     c</controlfield>
  <datafield tag="010" ind1=" " ind2=" ">
    <subfield code="a">n  88086306 </subfield>
  </datafield>
  <datafield tag="035" ind1=" " ind2=" ">
    <subfield code="a">(OCoLC)oca02514833</subfield>
  </datafield>
  <datafield tag="040" ind1=" " ind2=" ">
    <subfield code="a">CSt</subfield>
    <subfield code="b">eng</subfield>
    <subfield code="e">rda</subfield>
    <subfield code="c">DLC</subfield>
    <subfield code="d">DLC</subfield>
    <subfield code="d">OCoLC</subfield>
    <subfield code="d">TNJ</subfield>
    <subfield code="d">InU</subfield>
  </datafield>
  <datafield tag="046" ind1=" " ind2=" ">
    <subfield code="f">1949</subfield>
  </datafield>
  <datafield tag="100" ind1="1" ind2=" ">
    <subfield code="a">Gimpelevich, Zina J.,</subfield>
    <subfield code="d">1949-</subfield>
  </datafield>
  <datafield tag="400" ind1="1" ind2=" ">
    <subfield code="w">nne</subfield>
    <subfield code="a">Gimpilevich-Shvart︠s︡man, Zina,</subfield>
    <subfield code="d">1949-</subfield>
  </datafield>
  <datafield tag="400" ind1="1" ind2=" ">
    <subfield code="a">Shvart︠s︡man, Zina Gimpilevich-,</subfield>
    <subfield code="d">1949-</subfield>
  </datafield>
  <datafield tag="400" ind1="1" ind2=" ">
    <subfield code="a">Gimpelevich-Schwartzman, Zina,</subfield>
    <subfield code="d">1949-</subfield>
  </datafield>
  <datafield tag="400" ind1="1" ind2=" ">
    <subfield code="a">Gimpelevich-Schwartzman, Zinaida,</subfield>
    <subfield code="d">1949-</subfield>
  </datafield>
  <datafield tag="400" ind1="1" ind2=" ">
    <subfield code="a">Schwartzman, Zina Gimpelevich-,</subfield>
    <subfield code="d">1949-</subfield>
  </datafield>
  <datafield tag="670" ind1=" " ind2=" ">
    <subfield code="a">Her Intelligent v romanakh Doktor Zhivago i Master i Margarita, 1988:</subfield>
    <subfield code="b">t.p. (Zina Gimpilevich-Shvart︠s︡man) t.p. verso (Zina Gimpelevich-Schwartzman)</subfield>
  </datafield>
  <datafield tag="670" ind1=" " ind2=" ">
    <subfield code="a">RLIN data base, 3/28/89</subfield>
    <subfield code="b">(hdg.: Gimpelevich-Schwartzman, Zinaida, 1949- )</subfield>
  </datafield>
  <datafield tag="670" ind1=" " ind2=" ">
    <subfield code="a">Vasil Bykaŭ, c2005:</subfield>
    <subfield code="b">t.p. (Zina J. Gimpelevich) jkt. (assoc. professor, Dept. of Germanic and Slavic Studies, Univ. of Waterloo)</subfield>
  </datafield>
  <datafield tag="670" ind1=" " ind2=" ">
    <subfield code="a">E-mail from author, Nov. 22, 2005</subfield>
    <subfield code="b">(prefers: Zina J. Gimpelevich)</subfield>
  </datafield>
</record>